%% Usa \cite{name} en main.tex para que se cargue la referencia
%% Páginas web
@online{name,
    author    = "",
    title     = "",
    url       = "",
    addendum = "(accessed: 08/12/2023)",
    keywords  = "",
}
%% Artículos
@article{name,
  author =       "",
  title =        "",
  journal =      "",
  volume =       "",
  number =       "",
  pages =        "N--M",
  year =         "",
  url =          "",
  keywords =     ""
}
%% Libros
@book{name,
  title={},
  author={},
  isbn={},
  series={},
  year={},
  publisher={},
  keywords = {}
}
